% !Mode:: "TeX:UTF-8"

@article{czarnecki1987wrong,
	title={What is wrong with the Budeanu concept of reactive and distortion power and why it should be abandoned},
	author={Czarnecki, Leszek S},
	journal={IEEE Transactions on Instrumentation and measurement},
	number={3},
	pages={834--837},
	year={1987},
	publisher={IEEE}
}


@article{fryze1932wirk,
	title={Wirk-, Blind-und Scheinleistung in elektrischen Stromkreisen mit nichtsinusf{\"o}rmigem Verlauf von Strom und Spannung},
	author={Fryze, S},
	journal={Elektrotechnische Zeitschrift},
	volume={25},
	number={569-599},
	pages={33},
	year={1932}
}


@inproceedings{sharon1973suggested,
	title={Suggested definition of reactive power for nonsinusoidal systems},
	author={Sharon, D and Shepherd, W and Zakikhani, P},
	booktitle={Proceedings of the Institution of Electrical Engineers},
	volume={120},
	number={1},
	pages={108},
	year={1973},
	organization={IET}
}


@article{Wangxuewei,
	title={畸变波形下功率定义问题的探讨},
	author={王学伟,高朝},
	booktitle={电网技术},
	pages={17-21+31},
	year={2004},
}

@ARTICLE{4315358,
	author={L. S. {Czarnecki}},
	journal={IEEE Transactions on Instrumentation and Measurement},
	title={Considerations on the Reactive Power in Nonsinusoidal Situations},
	year={1985},
	volume={IM-34},
	number={3},
	pages={399-404},
	keywords={Reactive power;Time domain analysis;Power measurement;Instruments;Circuits;Voltage;Q measurement;Electrical engineering;Rectifiers;Councils},
	doi={10.1109/TIM.1985.4315358},
	ISSN={0018-9456},
	month={Sep.},
	}
